@misc{wiki:QRS_complex,
   author = "Wikipedia",
   title = "{QRS complex} --- {W}ikipedia{,} The Free Encyclopedia",
   year = "2025",
   howpublished = {\url{http://en.wikipedia.org/w/index.php?title=QRS\%20complex&oldid=1271538165}},
   note = "[Online; accessed 26-January-2025]"}

@misc{wiki:Filter_(signal_processing),
   author = "Wikipedia",
   title = "{Filter (signal processing)} --- {W}ikipedia{,} The Free Encyclopedia",
   year = "2025",
   howpublished = {\url{http://en.wikipedia.org/w/index.php?title=Filter\%20(signal\%20processing)&oldid=1268309950}},
   note = "[Online; accessed 26-January-2025]"
 }

 @misc{wiki:Utility_frequency,
   author = "Wikipedia",
   title = "{Utility frequency} --- {W}ikipedia{,} The Free Encyclopedia",
   year = "2025",
   howpublished = {\url{http://en.wikipedia.org/w/index.php?title=Utility\%20frequency&oldid=1265911887}},
   note = "[Online; accessed 26-January-2025]"
 }

@ARTICLE{4122029,
  author={Pan, Jiapu and Tompkins, Willis J.},
  journal={IEEE Transactions on Biomedical Engineering}, 
  title={A Real-Time QRS Detection Algorithm}, 
  year={1985},
  volume={BME-32},
  number={3},
  pages={230-236},
  keywords={Detection algorithms;Electrocardiography;Detectors;Databases;Band pass filters;Interference;Filtering;Computer displays;Digital filters;Noise reduction},
  doi={10.1109/TBME.1985.325532}}
